<collection xmlns="http://www.loc.gov/MARC21/slim">
<record>
  <leader>01319nam0a22002411i 450 </leader>
  <controlfield tag="001">IT\ICCU\CNCE\080358</controlfield>
  <controlfield tag="005">20200820000000.0</controlfield>
  <datafield tag="012" ind1=" " ind2=" ">
    <subfield code="a">lou* ium. usi* osma (3) 1551 (R)</subfield>
    <subfield code="2">fei</subfield>
  </datafield>
  <datafield tag="100" ind1=" " ind2=" ">
    <subfield code="a">20200820d1551        0itac0103    ba</subfield>
  </datafield>
  <datafield tag="101" ind1=" " ind2=" ">
    <subfield code="a">LAT</subfield>
  </datafield>
  <datafield tag="102" ind1=" " ind2=" ">
    <subfield code="a">IT</subfield>
  </datafield>
  <datafield tag="200" ind1="1" ind2=" ">
    <subfield code="a"></subfield>
  </datafield>
  <datafield tag="210" ind1=" " ind2=" ">
    <subfield code="a">Papiae</subfield>
    <subfield code="c">\Francesco Moscheni e Giovanni Battista Negri!</subfield>
    <subfield code="d">1551</subfield>
    <subfield code="e">Papiae</subfield>
    <subfield code="g">apud Francischum Moschenum Bergomensem &amp; Ioannem Baptistam Nigrum socios ciuesque Papiensis</subfield>
    <subfield code="h">1551</subfield>
  </datafield>
  <datafield tag="215" ind1=" " ind2=" ">
    <subfield code="a">326, \2! p.</subfield>
    <subfield code="d">8ʻ</subfield>
  </datafield>
  <datafield tag="620" ind1=" " ind2=" ">
    <subfield code="a">IT</subfield>
    <subfield code="d">Pavia</subfield>
  </datafield>
  <datafield tag="700" ind1=" " ind2="1">
    <subfield code="a">Terentius Afer,</subfield>
    <subfield code="b">Publius</subfield>
    <subfield code="3">IT\ICCU\CNCA\003195</subfield>
  </datafield>
  <datafield tag="712" ind1="0" ind2="0">
    <subfield code="a">Moscheni, Francesco &amp; Negri, Giovanni Battista</subfield>
    <subfield code="3">IT\ICCU\CNCT\001570</subfield>
    <subfield code="4">650</subfield>
  </datafield>
  <datafield tag="790" ind1=" " ind2="0">
    <subfield code="a">Terenzio</subfield>
    <subfield code="3">IT\ICCU\CNCA\014983</subfield>
    <subfield code="z">Terentius Afer, Publius</subfield>
  </datafield>
  <datafield tag="791" ind1="0" ind2="0">
    <subfield code="a">Negri, Giovanni Battista</subfield>
    <subfield code="3">IT\ICCU\CNCT\001571</subfield>
    <subfield code="z">Moscheni, Francesco &amp; Negri, Giovanni Battista</subfield>
  </datafield>
  <datafield tag="801" ind1=" " ind2="3">
    <subfield code="a">IT</subfield>
    <subfield code="b">ICCU</subfield>
    <subfield code="c">20201115</subfield>
  </datafield>
  <datafield tag="899" ind1=" " ind2=" ">
    <subfield code="a">Biblioteca comunale. Carpi</subfield>
    <subfield code="1">MO0012</subfield>
    <subfield code="2">MOD CR</subfield>
  </datafield>
  <datafield tag="911" ind1=" " ind2=" ">
    <subfield code="a">Sul front.</subfield>
    <subfield code="9">IT\ICCU\CNCM\000792</subfield>
  </datafield>
  <datafield tag="921" ind1=" " ind2=" ">
    <subfield code="a">IT\ICCU\CNCM\000792</subfield>
    <subfield code="b">Guerriero con elmo e lancia e dotto con libro aperto in mano</subfield>
    <subfield code="e">1) Unum nihil, duos plurimum posse; 2) Maggior forza non  ̈se fian congionti</subfield>
    <subfield code="c">Z725</subfield>
    <subfield code="d">Dimensioni: 4,2 x 4,5</subfield>
    <subfield code="f">GUERRIERO</subfield>
    <subfield code="f">LANCIA</subfield>
    <subfield code="f">LIBRO</subfield>
    <subfield code="f">UNUMNIHILD</subfield>
    <subfield code="g">1551-1562</subfield>
  </datafield>
</record>
</collection>
